@article{leinster2006euler,
  title={The Euler characteristic of a category},
  author={Leinster, Tom},
  journal={arXiv preprint math/0610260},
  year={2006}
}

@article{leinster2021magnitude,
  title={Magnitude homology of enriched categories and metric spaces},
  author={Leinster, Tom and Shulman, Michael},
  journal={Algebraic \& Geometric Topology},
  volume={21},
  number={5},
  pages={2175--2221},
  year={2021},
  publisher={Mathematical Sciences Publishers}
}

@inproceedings{leinster2019magnitude,
  title={The magnitude of a graph},
  author={Leinster, Tom},
  booktitle={Mathematical Proceedings of the Cambridge Philosophical Society},
  volume={166},
  number={2},
  pages={247--264},
  year={2019},
  organization={Cambridge University Press}
}

@article{hepworth2015categorifying,
  title={Categorifying the magnitude of a graph},
  author={Hepworth, Richard and Willerton, Simon},
  journal={arXiv preprint arXiv:1505.04125},
  year={2015}
}

@book{hatcher2005algebraic,
  title={Algebraic topology},
  author={Hatcher, Allen},
  year={2005},
  publisher={}
}

@article{watts1998collective,
  title={Collective dynamics of ‘small-world’networks},
  author={Watts, Duncan J and Strogatz, Steven H},
  journal={nature},
  volume={393},
  number={6684},
  pages={440--442},
  year={1998},
  publisher={Nature Publishing Group}
}

@article{wasserman1994social,
  title={Social network analysis: Methods and applications},
  author={Wasserman, Stanley and Faust, Katherine and others},
  year={1994},
  publisher={Cambridge university press}
}

@article{kumar1999trawling,
	title={Trawling the web for emerging cyber-communities},
	author={Kumar, Ravi and Raghavan, Prabhakar and Rajagopalan, Sridhar and Tomkins, Andrew},
	journal={Computer networks},
	volume={31},
	number={11-16},
	pages={1481--1493},
	year={1999},
	publisher={Elsevier}
}

@inproceedings{sozio2010community,
	title={The community-search problem and how to plan a successful cocktail party},
	author={Sozio, Mauro and Gionis, Aristides},
	booktitle={Proceedings of the 16th ACM SIGKDD international conference on Knowledge discovery and data mining},
	pages={939--948},
	year={2010}
}

@article{angel2014dense,
	title={Dense subgraph maintenance under streaming edge weight updates for real-time story identification},
	author={Angel, Albert and Koudas, Nick and Sarkas, Nikos and Srivastava, Divesh and Svendsen, Michael and Tirthapura, Srikanta},
	journal={The VLDB journal},
	volume={23},
	number={2},
	pages={175--199},
	year={2014},
	publisher={Springer}
}
	
@inproceedings{zhang2012extracting,
	title={Extracting analyzing and visualizing triangle k-core motifs within networks},
	author={Zhang, Yang and Parthasarathy, Srinivasan},
	booktitle={2012 IEEE 28th international conference on data engineering},
	pages={1049--1060},
	year={2012},
	organization={IEEE}
}
	
@article{zhao2012large,
	title={Large scale cohesive subgraphs discovery for social network visual analysis},
	author={Zhao, Feng and Tung, Anthony KH},
	journal={Proceedings of the VLDB Endowment},
	volume={6},
	number={2},
	pages={85--96},
	year={2012},
	publisher={VLDB Endowment}
}


@inproceedings{han2007identifying,
	title={Identifying functional groups by finding cliques and near-cliques in protein interaction networks},
	author={Han, Kyungsook and Cui, Guangyu and Chen, Yu},
	booktitle={2007 Frontiers in the Convergence of Bioscience and Information Technologies},
	pages={159--164},
	year={2007},
	organization={IEEE}
}

@article{zhu2020community,
	title={Community detection based on modularity and k-plexes},
	author={Zhu, Jinrong and Chen, Bilian and Zeng, Yifeng},
	journal={Information Sciences},
	volume={513},
	pages={127--142},
	year={2020},
	publisher={Elsevier}
}

@article{belov2021graph,
	title={Graph theory approach to detect examinees involved in test collusion},
	author={Belov, Dmitry I and Wollack, James A},
	journal={Applied Psychological Measurement},
	volume={45},
	number={4},
	pages={253--267},
	year={2021},
	publisher={SAGE Publications Sage CA: Los Angeles, CA}
}
	
@inproceedings{yin2017local,
	title={Local higher-order graph clustering},
	author={Yin, Hao and Benson, Austin R and Leskovec, Jure and Gleich, David F},
	booktitle={Proceedings of the 23rd ACM SIGKDD international conference on knowledge discovery and data mining},
	pages={555--564},
	year={2017}
}

@article{leinster2013magnitude,
	title={The magnitude of metric spaces},
	author={Leinster, Tom},
	journal={Documenta Mathematica},
	volume={18},
	pages={857–905},
	year={2013}
}

@article{leinster2012measuring,
	title={Measuring diversity: the importance of species similarity},
	author={Leinster, Tom and Cobbold, Christina A},
	journal={Ecology},
	volume={93},
	number={3},
	pages={477--489},
	year={2012},
	publisher={Wiley Online Library}
}

@article{gu2018graph,
	title={Graph magnitude homology via algebraic Morse theory},
	author={Gu, Yuzhou},
	journal={arXiv preprint arXiv:1809.07240},
	year={2018}
}

@article{sazdanovic2021torsion,
	title={Torsion in the magnitude homology of graphs},
	author={Sazdanovic, Radmila and Summers, Victor},
	journal={Journal of Homotopy and Related Structures},
	volume={16},
	number={2},
	pages={275--296},
	year={2021},
	publisher={Springer}
}